%YAML 1.1
%TAG !u! tag:unity3d.com,2011:
--- !u!1 &1747567343559565710
GameObject:
  m_ObjectHideFlags: 0
  m_CorrespondingSourceObject: {fileID: 0}
  m_PrefabInstance: {fileID: 0}
  m_PrefabAsset: {fileID: 0}
  serializedVersion: 6
  m_Component:
  - component: {fileID: 1747567343559565700}
  - component: {fileID: 1747567343559565712}
  - component: {fileID: 1747567343559565721}
  - component: {fileID: 1747567343559565799}
  m_Layer: 0
  m_Name: ArmagedonButton
  m_TagString: armagedonButton
  m_Icon: {fileID: 0}
  m_NavMeshLayer: 0
  m_StaticEditorFlags: 0
  m_IsActive: 1
--- !u!4 &1747567343559565700
Transform:
  m_ObjectHideFlags: 0
  m_CorrespondingSourceObject: {fileID: 0}
  m_PrefabInstance: {fileID: 0}
  m_PrefabAsset: {fileID: 0}
  m_GameObject: {fileID: 1747567343559565710}
  m_LocalRotation: {x: -0, y: -0, z: -0, w: 1}
  m_LocalPosition: {x: 0.25, y: 0.4, z: -0.5}
  m_LocalScale: {x: 0.2, y: 0.2, z: 0.2}
  m_Children: []
  m_Father: {fileID: 1747567343559565702}
  m_RootOrder: 4
  m_LocalEulerAnglesHint: {x: 0, y: 0, z: 0}
--- !u!33 &1747567343559565712
MeshFilter:
  m_ObjectHideFlags: 0
  m_CorrespondingSourceObject: {fileID: 0}
  m_PrefabInstance: {fileID: 0}
  m_PrefabAsset: {fileID: 0}
  m_GameObject: {fileID: 1747567343559565710}
  m_Mesh: {fileID: 10202, guid: 0000000000000000e000000000000000, type: 0}
--- !u!23 &1747567343559565721
MeshRenderer:
  m_ObjectHideFlags: 0
  m_CorrespondingSourceObject: {fileID: 0}
  m_PrefabInstance: {fileID: 0}
  m_PrefabAsset: {fileID: 0}
  m_GameObject: {fileID: 1747567343559565710}
  m_Enabled: 1
  m_CastShadows: 1
  m_ReceiveShadows: 1
  m_DynamicOccludee: 1
  m_MotionVectors: 1
  m_LightProbeUsage: 1
  m_ReflectionProbeUsage: 1
  m_RayTracingMode: 2
  m_RayTraceProcedural: 0
  m_RenderingLayerMask: 1
  m_RendererPriority: 0
  m_Materials:
  - {fileID: 2100000, guid: 080aca3de3f0182429f3533e0d9ef600, type: 2}
  m_StaticBatchInfo:
    firstSubMesh: 0
    subMeshCount: 0
  m_StaticBatchRoot: {fileID: 0}
  m_ProbeAnchor: {fileID: 0}
  m_LightProbeVolumeOverride: {fileID: 0}
  m_ScaleInLightmap: 1
  m_ReceiveGI: 1
  m_PreserveUVs: 0
  m_IgnoreNormalsForChartDetection: 0
  m_ImportantGI: 0
  m_StitchLightmapSeams: 1
  m_SelectedEditorRenderState: 3
  m_MinimumChartSize: 4
  m_AutoUVMaxDistance: 0.5
  m_AutoUVMaxAngle: 89
  m_LightmapParameters: {fileID: 0}
  m_SortingLayerID: 0
  m_SortingLayer: 0
  m_SortingOrder: 0
  m_AdditionalVertexStreams: {fileID: 0}
--- !u!65 &1747567343559565799
BoxCollider:
  m_ObjectHideFlags: 0
  m_CorrespondingSourceObject: {fileID: 0}
  m_PrefabInstance: {fileID: 0}
  m_PrefabAsset: {fileID: 0}
  m_GameObject: {fileID: 1747567343559565710}
  m_Material: {fileID: 0}
  m_IsTrigger: 0
  m_Enabled: 1
  serializedVersion: 2
  m_Size: {x: 1, y: 1, z: 1}
  m_Center: {x: 0, y: 0, z: 0}
--- !u!1 &1747567343559565711
GameObject:
  m_ObjectHideFlags: 0
  m_CorrespondingSourceObject: {fileID: 0}
  m_PrefabInstance: {fileID: 0}
  m_PrefabAsset: {fileID: 0}
  serializedVersion: 6
  m_Component:
  - component: {fileID: 1747567343559565701}
  - component: {fileID: 1747567343559565819}
  - component: {fileID: 1747567343559565722}
  - component: {fileID: 1747567343559565713}
  - component: {fileID: 1747567343559565805}
  m_Layer: 0
  m_Name: Cylinder
  m_TagString: Untagged
  m_Icon: {fileID: 0}
  m_NavMeshLayer: 0
  m_StaticEditorFlags: 0
  m_IsActive: 1
--- !u!4 &1747567343559565701
Transform:
  m_ObjectHideFlags: 0
  m_CorrespondingSourceObject: {fileID: 0}
  m_PrefabInstance: {fileID: 0}
  m_PrefabAsset: {fileID: 0}
  m_GameObject: {fileID: 1747567343559565711}
  m_LocalRotation: {x: -0, y: -0, z: -0, w: 1}
  m_LocalPosition: {x: 0.799, y: 1.804, z: -0.503}
  m_LocalScale: {x: 1, y: 1, z: 1}
  m_Children: []
  m_Father: {fileID: 1747567343559565702}
  m_RootOrder: 1
  m_LocalEulerAnglesHint: {x: 0, y: 0, z: 0}
--- !u!114 &1747567343559565819
MonoBehaviour:
  m_ObjectHideFlags: 0
  m_CorrespondingSourceObject: {fileID: 0}
  m_PrefabInstance: {fileID: 0}
  m_PrefabAsset: {fileID: 0}
  m_GameObject: {fileID: 1747567343559565711}
  m_Enabled: 1
  m_EditorHideFlags: 0
  m_Script: {fileID: 11500000, guid: 8233d90336aea43098adf6dbabd606a2, type: 3}
  m_Name: 
  m_EditorClassIdentifier: 
  m_MeshFormatVersion: 1
  m_Faces:
  - m_Indexes: 000000000100000002000000010000000300000002000000
    m_SmoothingGroup: 1
    m_Uv:
      m_UseWorldSpace: 0
      m_FlipU: 0
      m_FlipV: 0
      m_SwapUV: 0
      m_Fill: 1
      m_Scale: {x: 1, y: 1}
      m_Offset: {x: 0, y: 0}
      m_Rotation: 0
      m_Anchor: 9
    m_Material: {fileID: 0}
    m_SubmeshIndex: 0
    m_ManualUV: 0
    elementGroup: -1
    m_TextureGroup: -1
  - m_Indexes: 040000000500000006000000050000000700000006000000
    m_SmoothingGroup: 1
    m_Uv:
      m_UseWorldSpace: 0
      m_FlipU: 0
      m_FlipV: 0
      m_SwapUV: 0
      m_Fill: 1
      m_Scale: {x: 1, y: 1}
      m_Offset: {x: 0, y: 0}
      m_Rotation: 0
      m_Anchor: 9
    m_Material: {fileID: 0}
    m_SubmeshIndex: 0
    m_ManualUV: 0
    elementGroup: -1
    m_TextureGroup: -1
  - m_Indexes: 08000000090000000a000000090000000b0000000a000000
    m_SmoothingGroup: 1
    m_Uv:
      m_UseWorldSpace: 0
      m_FlipU: 0
      m_FlipV: 0
      m_SwapUV: 0
      m_Fill: 1
      m_Scale: {x: 1, y: 1}
      m_Offset: {x: 0, y: 0}
      m_Rotation: 0
      m_Anchor: 9
    m_Material: {fileID: 0}
    m_SubmeshIndex: 0
    m_ManualUV: 0
    elementGroup: -1
    m_TextureGroup: -1
  - m_Indexes: 0c0000000d0000000e0000000d0000000f0000000e000000
    m_SmoothingGroup: 1
    m_Uv:
      m_UseWorldSpace: 0
      m_FlipU: 0
      m_FlipV: 0
      m_SwapUV: 0
      m_Fill: 1
      m_Scale: {x: 1, y: 1}
      m_Offset: {x: 0, y: 0}
      m_Rotation: 0
      m_Anchor: 9
    m_Material: {fileID: 0}
    m_SubmeshIndex: 0
    m_ManualUV: 0
    elementGroup: -1
    m_TextureGroup: -1
  - m_Indexes: 100000001100000012000000110000001300000012000000
    m_SmoothingGroup: 1
    m_Uv:
      m_UseWorldSpace: 0
      m_FlipU: 0
      m_FlipV: 0
      m_SwapUV: 0
      m_Fill: 1
      m_Scale: {x: 1, y: 1}
      m_Offset: {x: 0, y: 0}
      m_Rotation: 0
      m_Anchor: 9
    m_Material: {fileID: 0}
    m_SubmeshIndex: 0
    m_ManualUV: 0
    elementGroup: -1
    m_TextureGroup: -1
  - m_Indexes: 140000001500000016000000150000001700000016000000
    m_SmoothingGroup: 1
    m_Uv:
      m_UseWorldSpace: 0
      m_FlipU: 0
      m_FlipV: 0
      m_SwapUV: 0
      m_Fill: 1
      m_Scale: {x: 1, y: 1}
      m_Offset: {x: 0, y: 0}
      m_Rotation: 0
      m_Anchor: 9
    m_Material: {fileID: 0}
    m_SubmeshIndex: 0
    m_ManualUV: 0
    elementGroup: -1
    m_TextureGroup: -1
  - m_Indexes: 18000000190000001a000000190000001b0000001a000000
    m_SmoothingGroup: 1
    m_Uv:
      m_UseWorldSpace: 0
      m_FlipU: 0
      m_FlipV: 0
      m_SwapUV: 0
      m_Fill: 1
      m_Scale: {x: 1, y: 1}
      m_Offset: {x: 0, y: 0}
      m_Rotation: 0
      m_Anchor: 9
    m_Material: {fileID: 0}
    m_SubmeshIndex: 0
    m_ManualUV: 0
    elementGroup: -1
    m_TextureGroup: -1
  - m_Indexes: 1c0000001d0000001e0000001d0000001f0000001e000000
    m_SmoothingGroup: 1
    m_Uv:
      m_UseWorldSpace: 0
      m_FlipU: 0
      m_FlipV: 0
      m_SwapUV: 0
      m_Fill: 1
      m_Scale: {x: 1, y: 1}
      m_Offset: {x: 0, y: 0}
      m_Rotation: 0
      m_Anchor: 9
    m_Material: {fileID: 0}
    m_SubmeshIndex: 0
    m_ManualUV: 0
    elementGroup: -1
    m_TextureGroup: -1
  - m_Indexes: 220000002100000020000000
    m_SmoothingGroup: 0
    m_Uv:
      m_UseWorldSpace: 0
      m_FlipU: 0
      m_FlipV: 0
      m_SwapUV: 0
      m_Fill: 1
      m_Scale: {x: 1, y: 1}
      m_Offset: {x: 0, y: 0}
      m_Rotation: 0
      m_Anchor: 9
    m_Material: {fileID: 2100000, guid: c22777d6e868e4f2fb421913386b154e, type: 2}
    m_SubmeshIndex: 0
    m_ManualUV: 0
    elementGroup: 0
    m_TextureGroup: -1
  - m_Indexes: 280000002700000026000000
    m_SmoothingGroup: 0
    m_Uv:
      m_UseWorldSpace: 0
      m_FlipU: 0
      m_FlipV: 0
      m_SwapUV: 0
      m_Fill: 1
      m_Scale: {x: 1, y: 1}
      m_Offset: {x: 0, y: 0}
      m_Rotation: 0
      m_Anchor: 9
    m_Material: {fileID: 2100000, guid: c22777d6e868e4f2fb421913386b154e, type: 2}
    m_SubmeshIndex: 0
    m_ManualUV: 0
    elementGroup: 0
    m_TextureGroup: -1
  - m_Indexes: 2e0000002d0000002c000000
    m_SmoothingGroup: 0
    m_Uv:
      m_UseWorldSpace: 0
      m_FlipU: 0
      m_FlipV: 0
      m_SwapUV: 0
      m_Fill: 1
      m_Scale: {x: 1, y: 1}
      m_Offset: {x: 0, y: 0}
      m_Rotation: 0
      m_Anchor: 9
    m_Material: {fileID: 2100000, guid: c22777d6e868e4f2fb421913386b154e, type: 2}
    m_SubmeshIndex: 0
    m_ManualUV: 0
    elementGroup: 0
    m_TextureGroup: -1
  - m_Indexes: 340000003300000032000000
    m_SmoothingGroup: 0
    m_Uv:
      m_UseWorldSpace: 0
      m_FlipU: 0
      m_FlipV: 0
      m_SwapUV: 0
      m_Fill: 1
      m_Scale: {x: 1, y: 1}
      m_Offset: {x: 0, y: 0}
      m_Rotation: 0
      m_Anchor: 9
    m_Material: {fileID: 2100000, guid: c22777d6e868e4f2fb421913386b154e, type: 2}
    m_SubmeshIndex: 0
    m_ManualUV: 0
    elementGroup: 0
    m_TextureGroup: -1
  - m_Indexes: 3a0000003900000038000000
    m_SmoothingGroup: 0
    m_Uv:
      m_UseWorldSpace: 0
      m_FlipU: 0
      m_FlipV: 0
      m_SwapUV: 0
      m_Fill: 1
      m_Scale: {x: 1, y: 1}
      m_Offset: {x: 0, y: 0}
      m_Rotation: 0
      m_Anchor: 9
    m_Material: {fileID: 2100000, guid: c22777d6e868e4f2fb421913386b154e, type: 2}
    m_SubmeshIndex: 0
    m_ManualUV: 0
    elementGroup: 0
    m_TextureGroup: -1
  - m_Indexes: 400000003f0000003e000000
    m_SmoothingGroup: 0
    m_Uv:
      m_UseWorldSpace: 0
      m_FlipU: 0
      m_FlipV: 0
      m_SwapUV: 0
      m_Fill: 1
      m_Scale: {x: 1, y: 1}
      m_Offset: {x: 0, y: 0}
      m_Rotation: 0
      m_Anchor: 9
    m_Material: {fileID: 2100000, guid: c22777d6e868e4f2fb421913386b154e, type: 2}
    m_SubmeshIndex: 0
    m_ManualUV: 0
    elementGroup: 0
    m_TextureGroup: -1
  - m_Indexes: 460000004500000044000000
    m_SmoothingGroup: 0
    m_Uv:
      m_UseWorldSpace: 0
      m_FlipU: 0
      m_FlipV: 0
      m_SwapUV: 0
      m_Fill: 1
      m_Scale: {x: 1, y: 1}
      m_Offset: {x: 0, y: 0}
      m_Rotation: 0
      m_Anchor: 9
    m_Material: {fileID: 2100000, guid: c22777d6e868e4f2fb421913386b154e, type: 2}
    m_SubmeshIndex: 0
    m_ManualUV: 0
    elementGroup: 0
    m_TextureGroup: -1
  - m_Indexes: 4c0000004b0000004a000000
    m_SmoothingGroup: 0
    m_Uv:
      m_UseWorldSpace: 0
      m_FlipU: 0
      m_FlipV: 0
      m_SwapUV: 0
      m_Fill: 1
      m_Scale: {x: 1, y: 1}
      m_Offset: {x: 0, y: 0}
      m_Rotation: 0
      m_Anchor: 9
    m_Material: {fileID: 2100000, guid: c22777d6e868e4f2fb421913386b154e, type: 2}
    m_SubmeshIndex: 0
    m_ManualUV: 0
    elementGroup: 0
    m_TextureGroup: -1
  - m_Indexes: 230000002400000025000000
    m_SmoothingGroup: 0
    m_Uv:
      m_UseWorldSpace: 0
      m_FlipU: 0
      m_FlipV: 0
      m_SwapUV: 0
      m_Fill: 1
      m_Scale: {x: 1, y: 1}
      m_Offset: {x: 0, y: 0}
      m_Rotation: 0
      m_Anchor: 9
    m_Material: {fileID: 2100000, guid: c22777d6e868e4f2fb421913386b154e, type: 2}
    m_SubmeshIndex: 0
    m_ManualUV: 0
    elementGroup: 0
    m_TextureGroup: -1
  - m_Indexes: 290000002a0000002b000000
    m_SmoothingGroup: 0
    m_Uv:
      m_UseWorldSpace: 0
      m_FlipU: 0
      m_FlipV: 0
      m_SwapUV: 0
      m_Fill: 1
      m_Scale: {x: 1, y: 1}
      m_Offset: {x: 0, y: 0}
      m_Rotation: 0
      m_Anchor: 9
    m_Material: {fileID: 2100000, guid: c22777d6e868e4f2fb421913386b154e, type: 2}
    m_SubmeshIndex: 0
    m_ManualUV: 0
    elementGroup: 0
    m_TextureGroup: -1
  - m_Indexes: 2f0000003000000031000000
    m_SmoothingGroup: 0
    m_Uv:
      m_UseWorldSpace: 0
      m_FlipU: 0
      m_FlipV: 0
      m_SwapUV: 0
      m_Fill: 1
      m_Scale: {x: 1, y: 1}
      m_Offset: {x: 0, y: 0}
      m_Rotation: 0
      m_Anchor: 9
    m_Material: {fileID: 2100000, guid: c22777d6e868e4f2fb421913386b154e, type: 2}
    m_SubmeshIndex: 0
    m_ManualUV: 0
    elementGroup: 0
    m_TextureGroup: -1
  - m_Indexes: 350000003600000037000000
    m_SmoothingGroup: 0
    m_Uv:
      m_UseWorldSpace: 0
      m_FlipU: 0
      m_FlipV: 0
      m_SwapUV: 0
      m_Fill: 1
      m_Scale: {x: 1, y: 1}
      m_Offset: {x: 0, y: 0}
      m_Rotation: 0
      m_Anchor: 9
    m_Material: {fileID: 2100000, guid: c22777d6e868e4f2fb421913386b154e, type: 2}
    m_SubmeshIndex: 0
    m_ManualUV: 0
    elementGroup: 0
    m_TextureGroup: -1
  - m_Indexes: 3b0000003c0000003d000000
    m_SmoothingGroup: 0
    m_Uv:
      m_UseWorldSpace: 0
      m_FlipU: 0
      m_FlipV: 0
      m_SwapUV: 0
      m_Fill: 1
      m_Scale: {x: 1, y: 1}
      m_Offset: {x: 0, y: 0}
      m_Rotation: 0
      m_Anchor: 9
    m_Material: {fileID: 2100000, guid: c22777d6e868e4f2fb421913386b154e, type: 2}
    m_SubmeshIndex: 0
    m_ManualUV: 0
    elementGroup: 0
    m_TextureGroup: -1
  - m_Indexes: 410000004200000043000000
    m_SmoothingGroup: 0
    m_Uv:
      m_UseWorldSpace: 0
      m_FlipU: 0
      m_FlipV: 0
      m_SwapUV: 0
      m_Fill: 1
      m_Scale: {x: 1, y: 1}
      m_Offset: {x: 0, y: 0}
      m_Rotation: 0
      m_Anchor: 9
    m_Material: {fileID: 2100000, guid: c22777d6e868e4f2fb421913386b154e, type: 2}
    m_SubmeshIndex: 0
    m_ManualUV: 0
    elementGroup: 0
    m_TextureGroup: -1
  - m_Indexes: 470000004800000049000000
    m_SmoothingGroup: 0
    m_Uv:
      m_UseWorldSpace: 0
      m_FlipU: 0
      m_FlipV: 0
      m_SwapUV: 0
      m_Fill: 1
      m_Scale: {x: 1, y: 1}
      m_Offset: {x: 0, y: 0}
      m_Rotation: 0
      m_Anchor: 9
    m_Material: {fileID: 2100000, guid: c22777d6e868e4f2fb421913386b154e, type: 2}
    m_SubmeshIndex: 0
    m_ManualUV: 0
    elementGroup: 0
    m_TextureGroup: -1
  - m_Indexes: 4d0000004e0000004f000000
    m_SmoothingGroup: 0
    m_Uv:
      m_UseWorldSpace: 0
      m_FlipU: 0
      m_FlipV: 0
      m_SwapUV: 0
      m_Fill: 1
      m_Scale: {x: 1, y: 1}
      m_Offset: {x: 0, y: 0}
      m_Rotation: 0
      m_Anchor: 9
    m_Material: {fileID: 2100000, guid: c22777d6e868e4f2fb421913386b154e, type: 2}
    m_SubmeshIndex: 0
    m_ManualUV: 0
    elementGroup: 0
    m_TextureGroup: -1
  m_SharedVertices:
  - m_Vertices: 000000001e000000200000004c000000
  - m_Vertices: 010000001f000000230000004f000000
  - m_Vertices: 02000000040000002200000026000000
  - m_Vertices: 03000000050000002500000029000000
  - m_Vertices: 0600000008000000280000002c000000
  - m_Vertices: 07000000090000002b0000002f000000
  - m_Vertices: 0a0000000c0000002e00000032000000
  - m_Vertices: 0b0000000d0000003100000035000000
  - m_Vertices: 0e000000100000003400000038000000
  - m_Vertices: 0f00000011000000370000003b000000
  - m_Vertices: 12000000140000003a0000003e000000
  - m_Vertices: 13000000150000003d00000041000000
  - m_Vertices: 16000000180000004000000044000000
  - m_Vertices: 17000000190000004300000047000000
  - m_Vertices: 1a0000001c000000460000004a000000
  - m_Vertices: 1b0000001d000000490000004d000000
  - m_Vertices: 21000000270000002d00000033000000390000003f000000450000004b000000
  - m_Vertices: 240000002a00000030000000360000003c00000042000000480000004e000000
  m_SharedTextures: []
  m_Positions:
  - {x: 0, y: 0, z: 0}
  - {x: 0, y: 0.7, z: 0}
  - {x: -0.087867975, y: 0, z: 0.21213204}
  - {x: -0.087867975, y: 0.7, z: 0.21213204}
  - {x: -0.087867975, y: 0, z: 0.21213204}
  - {x: -0.087867975, y: 0.7, z: 0.21213204}
  - {x: -0.3, y: 0, z: 0.3}
  - {x: -0.3, y: 0.7, z: 0.3}
  - {x: -0.3, y: 0, z: 0.3}
  - {x: -0.3, y: 0.7, z: 0.3}
  - {x: -0.51213205, y: 0, z: 0.21213204}
  - {x: -0.51213205, y: 0.7, z: 0.21213204}
  - {x: -0.51213205, y: 0, z: 0.21213204}
  - {x: -0.51213205, y: 0.7, z: 0.21213204}
  - {x: -0.6, y: 0, z: -0.000000026226834}
  - {x: -0.6, y: 0.7, z: -0.000000026226834}
  - {x: -0.6, y: 0, z: -0.000000026226834}
  - {x: -0.6, y: 0.7, z: -0.000000026226834}
  - {x: -0.51213205, y: 0, z: -0.21213202}
  - {x: -0.51213205, y: 0.7, z: -0.21213202}
  - {x: -0.51213205, y: 0, z: -0.21213202}
  - {x: -0.51213205, y: 0.7, z: -0.21213202}
  - {x: -0.3, y: 0, z: -0.3}
  - {x: -0.3, y: 0.7, z: -0.3}
  - {x: -0.3, y: 0, z: -0.3}
  - {x: -0.3, y: 0.7, z: -0.3}
  - {x: -0.087868005, y: 0, z: -0.21213208}
  - {x: -0.087868005, y: 0.7, z: -0.21213208}
  - {x: -0.087868005, y: 0, z: -0.21213208}
  - {x: -0.087868005, y: 0.7, z: -0.21213208}
  - {x: 0, y: 0, z: 0}
  - {x: 0, y: 0.7, z: 0}
  - {x: 0, y: 0, z: 0}
  - {x: -0.30000007, y: -0.5873071, z: -0.000000059604645}
  - {x: -0.087867975, y: 0, z: 0.21213204}
  - {x: 0, y: 0.7, z: 0}
  - {x: -0.30000007, y: 0.37831992, z: 0.00000017881393}
  - {x: -0.087867975, y: 0.7, z: 0.21213204}
  - {x: -0.087867975, y: 0, z: 0.21213204}
  - {x: -0.30000007, y: -0.5873071, z: -0.000000059604645}
  - {x: -0.3, y: 0, z: 0.3}
  - {x: -0.087867975, y: 0.7, z: 0.21213204}
  - {x: -0.30000007, y: 0.37831992, z: 0.00000017881393}
  - {x: -0.3, y: 0.7, z: 0.3}
  - {x: -0.3, y: 0, z: 0.3}
  - {x: -0.30000007, y: -0.5873071, z: -0.000000059604645}
  - {x: -0.51213205, y: 0, z: 0.21213204}
  - {x: -0.3, y: 0.7, z: 0.3}
  - {x: -0.30000007, y: 0.37831992, z: 0.00000017881393}
  - {x: -0.51213205, y: 0.7, z: 0.21213204}
  - {x: -0.51213205, y: 0, z: 0.21213204}
  - {x: -0.30000007, y: -0.5873071, z: -0.000000059604645}
  - {x: -0.6, y: 0, z: -0.000000026226834}
  - {x: -0.51213205, y: 0.7, z: 0.21213204}
  - {x: -0.30000007, y: 0.37831992, z: 0.00000017881393}
  - {x: -0.6, y: 0.7, z: -0.000000026226834}
  - {x: -0.6, y: 0, z: -0.000000026226834}
  - {x: -0.30000007, y: -0.5873071, z: -0.000000059604645}
  - {x: -0.51213205, y: 0, z: -0.21213202}
  - {x: -0.6, y: 0.7, z: -0.000000026226834}
  - {x: -0.30000007, y: 0.37831992, z: 0.00000017881393}
  - {x: -0.51213205, y: 0.7, z: -0.21213202}
  - {x: -0.51213205, y: 0, z: -0.21213202}
  - {x: -0.30000007, y: -0.5873071, z: -0.000000059604645}
  - {x: -0.3, y: 0, z: -0.3}
  - {x: -0.51213205, y: 0.7, z: -0.21213202}
  - {x: -0.30000007, y: 0.37831992, z: 0.00000017881393}
  - {x: -0.3, y: 0.7, z: -0.3}
  - {x: -0.3, y: 0, z: -0.3}
  - {x: -0.30000007, y: -0.5873071, z: -0.000000059604645}
  - {x: -0.087868005, y: 0, z: -0.21213208}
  - {x: -0.3, y: 0.7, z: -0.3}
  - {x: -0.30000007, y: 0.37831992, z: 0.00000017881393}
  - {x: -0.087868005, y: 0.7, z: -0.21213208}
  - {x: -0.087868005, y: 0, z: -0.21213208}
  - {x: -0.30000007, y: -0.5873071, z: -0.000000059604645}
  - {x: 0, y: 0, z: 0}
  - {x: -0.087868005, y: 0.7, z: -0.21213208}
  - {x: -0.30000007, y: 0.37831992, z: 0.00000017881393}
  - {x: 0, y: 0.7, z: 0}
  m_Textures0:
  - {x: 0, y: 0}
  - {x: 0, y: 0.7}
  - {x: 0.22961007, y: 0}
  - {x: 0.22961007, y: 0.7}
  - {x: 0.16235885, y: 0}
  - {x: 0.16235885, y: 0.7}
  - {x: 0.39196894, y: 0}
  - {x: 0.39196894, y: 0.7}
  - {x: 0.16235884, y: 0}
  - {x: 0.16235884, y: 0.7}
  - {x: 0.3919689, y: 0}
  - {x: 0.3919689, y: 0.7}
  - {x: 0.000000008737384, y: 0}
  - {x: 0.000000008737384, y: 0.7}
  - {x: 0.2296101, y: 0}
  - {x: 0.2296101, y: 0.7}
  - {x: -0.22961012, y: 0}
  - {x: -0.22961012, y: 0.7}
  - {x: -0.00000008093649, y: 0}
  - {x: -0.00000008093649, y: 0.7}
  - {x: -0.39196888, y: 0}
  - {x: -0.39196888, y: 0.7}
  - {x: -0.16235879, y: 0}
  - {x: -0.16235879, y: 0.7}
  - {x: -0.39196888, y: 0}
  - {x: -0.39196888, y: 0.7}
  - {x: -0.16235887, y: 0}
  - {x: -0.16235887, y: 0.7}
  - {x: -0.22961012, y: 0}
  - {x: -0.22961012, y: 0.7}
  - {x: 0, y: 0}
  - {x: 0, y: 0.7}
  - {x: 0, y: 0}
  - {x: 0.114805005, y: -0.6494224}
  - {x: 0.22961006, y: -6.759793e-10}
  - {x: 0, y: 0.53030646}
  - {x: -0.11480523, y: 0.105691455}
  - {x: -0.22961007, y: 0.53030646}
  - {x: 0.16235884, y: 0.06929237}
  - {x: 0.2771639, y: -0.58013004}
  - {x: 0.3919689, y: 0.06929237}
  - {x: -0.16235884, y: 0.6362848}
  - {x: -0.27716398, y: 0.21166998}
  - {x: -0.3919689, y: 0.6362848}
  - {x: 0.16235882, y: 0.16728655}
  - {x: 0.27716395, y: -0.48213586}
  - {x: 0.39196888, y: 0.16728656}
  - {x: -0.16235884, y: 0.7861609}
  - {x: -0.27716386, y: 0.36154604}
  - {x: -0.39196888, y: 0.7861609}
  - {x: 0.0000000061187144, y: 0.23657887}
  - {x: 0.11480511, y: -0.4128435}
  - {x: 0.22961009, y: 0.23657887}
  - {x: 0.0000000065253403, y: 0.89213926}
  - {x: -0.114804894, y: 0.46752435}
  - {x: -0.22961009, y: 0.89213926}
  - {x: -0.2296101, y: 0.2365788}
  - {x: -0.11480503, y: -0.41284356}
  - {x: -0.00000007831782, y: 0.2365788}
  - {x: 0.22961012, y: 0.89213914}
  - {x: 0.11480526, y: 0.4675242}
  - {x: 0.000000093580546, y: 0.8921392}
  - {x: -0.39196888, y: 0.1672865}
  - {x: -0.2771639, y: -0.48213583}
  - {x: -0.1623588, y: 0.1672865}
  - {x: 0.39196885, y: 0.78616077}
  - {x: 0.27716398, y: 0.36154574}
  - {x: 0.16235878, y: 0.78616077}
  - {x: -0.3919689, y: 0.06929236}
  - {x: -0.27716395, y: -0.58013}
  - {x: -0.16235888, y: 0.06929236}
  - {x: 0.3919689, y: 0.6362847}
  - {x: 0.2771639, y: 0.2116696}
  - {x: 0.16235888, y: 0.6362847}
  - {x: -0.22961012, y: -4.308469e-10}
  - {x: -0.11480514, y: -0.6494224}
  - {x: 0, y: 0}
  - {x: 0.22961012, y: 0.53030634}
  - {x: 0.11480492, y: 0.10569126}
  - {x: 0, y: 0.53030634}
  m_Textures2: []
  m_Textures3: []
  m_Tangents:
  - {x: 0, y: 0, z: 1, w: -1}
  - {x: 0, y: 0, z: 1, w: -1}
  - {x: -0.70710677, y: 0, z: 0.7071067, w: -1}
  - {x: -0.70710677, y: 0, z: 0.7071067, w: -1}
  - {x: -0.70710677, y: 0, z: 0.7071068, w: -1}
  - {x: -0.70710677, y: 0, z: 0.7071068, w: -1}
  - {x: -1, y: 0, z: 0, w: -1}
  - {x: -1, y: 0, z: 0, w: -1}
  - {x: -1, y: 0, z: 0, w: -1}
  - {x: -1, y: 0, z: 0, w: -1}
  - {x: -0.7071067, y: 0, z: -0.70710677, w: -1}
  - {x: -0.7071067, y: 0, z: -0.70710677, w: -1}
  - {x: -0.7071068, y: 0, z: -0.7071067, w: -1}
  - {x: -0.7071068, y: 0, z: -0.7071067, w: -1}
  - {x: 0.0000000645156, y: 0, z: -1, w: -1}
  - {x: 0.0000000645156, y: 0, z: -1, w: -1}
  - {x: 0.000000032257805, y: 0, z: -1, w: -1}
  - {x: 0.000000032257805, y: 0, z: -1, w: -1}
  - {x: 0.7071068, y: 0, z: -0.70710677, w: -1}
  - {x: 0.7071068, y: 0, z: -0.70710677, w: -1}
  - {x: 0.70710677, y: 0, z: -0.70710677, w: -1}
  - {x: 0.70710677, y: 0, z: -0.70710677, w: -1}
  - {x: 1, y: 0, z: -0.000000096773405, w: -1}
  - {x: 1, y: 0, z: -0.000000096773405, w: -1}
  - {x: 1, y: 0, z: -0.0000001290312, w: -1}
  - {x: 1, y: 0, z: -0.0000001290312, w: -1}
  - {x: 0.7071068, y: 0, z: 0.7071067, w: -1}
  - {x: 0.7071068, y: 0, z: 0.7071067, w: -1}
  - {x: 0.7071068, y: 0, z: 0.7071067, w: -1}
  - {x: 0.7071068, y: 0, z: 0.7071067, w: -1}
  - {x: 0, y: 0, z: 1, w: -1}
  - {x: 0, y: 0, z: 1, w: -1}
  - {x: -0.3826835, y: 0.0000000026624438, z: 0.92387956, w: -1}
  - {x: -0.3826835, y: 0.0000000026624438, z: 0.92387956, w: -1}
  - {x: -0.3826835, y: 0.0000000026624438, z: 0.92387956, w: -1}
  - {x: 0.38268346, y: 0, z: -0.9238795, w: -1}
  - {x: 0.38268346, y: 0, z: -0.9238795, w: -1}
  - {x: 0.38268346, y: 0, z: -0.9238795, w: -1}
  - {x: -0.9238795, y: 0, z: 0.38268346, w: -1}
  - {x: -0.9238795, y: 0, z: 0.38268346, w: -1}
  - {x: -0.9238795, y: 0, z: 0.38268346, w: -1}
  - {x: 0.92387956, y: -0.000000019453212, z: -0.38268346, w: -1}
  - {x: 0.92387956, y: -0.000000019453212, z: -0.38268346, w: -1}
  - {x: 0.92387956, y: -0.000000019453212, z: -0.38268346, w: -1}
  - {x: -0.9238795, y: -0.000000045971223, z: -0.38268352, w: -1}
  - {x: -0.9238795, y: -0.000000045971223, z: -0.38268352, w: -1}
  - {x: -0.9238795, y: -0.000000045971223, z: -0.38268352, w: -1}
  - {x: 0.92387956, y: 0.000000019453209, z: 0.38268346, w: -1}
  - {x: 0.92387956, y: 0.000000019453209, z: 0.38268346, w: -1}
  - {x: 0.92387956, y: 0.000000019453209, z: 0.38268346, w: -1}
  - {x: -0.38268346, y: -0.000000012719189, z: -0.92387956, w: -1}
  - {x: -0.38268346, y: -0.000000012719189, z: -0.92387956, w: -1}
  - {x: -0.38268346, y: -0.000000012719189, z: -0.92387956, w: -1}
  - {x: 0.38268343, y: 0, z: 0.92387956, w: -1}
  - {x: 0.38268343, y: 0, z: 0.92387956, w: -1}
  - {x: 0.38268343, y: 0, z: 0.92387956, w: -1}
  - {x: 0.38268355, y: 0, z: -0.9238795, w: -1}
  - {x: 0.38268355, y: 0, z: -0.9238795, w: -1}
  - {x: 0.38268355, y: 0, z: -0.9238795, w: -1}
  - {x: -0.38268372, y: 0.00000019666095, z: 0.92387944, w: -1}
  - {x: -0.38268372, y: 0.00000019666095, z: 0.92387944, w: -1}
  - {x: -0.38268372, y: 0.00000019666095, z: 0.92387944, w: -1}
  - {x: 0.9238795, y: 0.0000000127191875, z: -0.38268352, w: -1}
  - {x: 0.9238795, y: 0.0000000127191875, z: -0.38268352, w: -1}
  - {x: 0.9238795, y: 0.0000000127191875, z: -0.38268352, w: -1}
  - {x: -0.9238795, y: 0, z: 0.38268355, w: -1}
  - {x: -0.9238795, y: 0, z: 0.38268355, w: -1}
  - {x: -0.9238795, y: 0, z: 0.38268355, w: -1}
  - {x: 0.92387956, y: 0, z: 0.38268337, w: -1}
  - {x: 0.92387956, y: 0, z: 0.38268337, w: -1}
  - {x: 0.92387956, y: 0, z: 0.38268337, w: -1}
  - {x: -0.92387956, y: 0.000000019453227, z: -0.38268334, w: -1}
  - {x: -0.92387956, y: 0.000000019453227, z: -0.38268334, w: -1}
  - {x: -0.92387956, y: 0.000000019453227, z: -0.38268334, w: -1}
  - {x: 0.38268355, y: -0.000000014416145, z: 0.92387956, w: -1}
  - {x: 0.38268355, y: -0.000000014416145, z: 0.92387956, w: -1}
  - {x: 0.38268355, y: -0.000000014416145, z: 0.92387956, w: -1}
  - {x: -0.38268352, y: 0, z: -0.9238795, w: -1}
  - {x: -0.38268352, y: 0, z: -0.9238795, w: -1}
  - {x: -0.38268352, y: 0, z: -0.9238795, w: -1}
  m_Colors: []
  m_UnwrapParameters:
    m_HardAngle: 88
    m_PackMargin: 20
    m_AngleError: 8
    m_AreaError: 15
  m_PreserveMeshAssetOnDestroy: 0
  assetGuid: 
  m_Mesh: {fileID: 0}
  m_IsSelectable: 1
  m_SelectedFaces: 
  m_SelectedEdges: []
  m_SelectedVertices: 
--- !u!23 &1747567343559565722
MeshRenderer:
  m_ObjectHideFlags: 0
  m_CorrespondingSourceObject: {fileID: 0}
  m_PrefabInstance: {fileID: 0}
  m_PrefabAsset: {fileID: 0}
  m_GameObject: {fileID: 1747567343559565711}
  m_Enabled: 1
  m_CastShadows: 1
  m_ReceiveShadows: 1
  m_DynamicOccludee: 1
  m_MotionVectors: 1
  m_LightProbeUsage: 1
  m_ReflectionProbeUsage: 1
  m_RayTracingMode: 2
  m_RayTraceProcedural: 0
  m_RenderingLayerMask: 1
  m_RendererPriority: 0
  m_Materials:
  - {fileID: 2100000, guid: 621019d82f830be45b57af38a2964998, type: 2}
  m_StaticBatchInfo:
    firstSubMesh: 0
    subMeshCount: 0
  m_StaticBatchRoot: {fileID: 0}
  m_ProbeAnchor: {fileID: 0}
  m_LightProbeVolumeOverride: {fileID: 0}
  m_ScaleInLightmap: 1
  m_ReceiveGI: 1
  m_PreserveUVs: 0
  m_IgnoreNormalsForChartDetection: 0
  m_ImportantGI: 0
  m_StitchLightmapSeams: 1
  m_SelectedEditorRenderState: 3
  m_MinimumChartSize: 4
  m_AutoUVMaxDistance: 0.5
  m_AutoUVMaxAngle: 89
  m_LightmapParameters: {fileID: 0}
  m_SortingLayerID: 0
  m_SortingLayer: 0
  m_SortingOrder: 0
  m_AdditionalVertexStreams: {fileID: 0}
--- !u!33 &1747567343559565713
MeshFilter:
  m_ObjectHideFlags: 0
  m_CorrespondingSourceObject: {fileID: 0}
  m_PrefabInstance: {fileID: 0}
  m_PrefabAsset: {fileID: 0}
  m_GameObject: {fileID: 1747567343559565711}
  m_Mesh: {fileID: 0}
--- !u!64 &1747567343559565805
MeshCollider:
  m_ObjectHideFlags: 0
  m_CorrespondingSourceObject: {fileID: 0}
  m_PrefabInstance: {fileID: 0}
  m_PrefabAsset: {fileID: 0}
  m_GameObject: {fileID: 1747567343559565711}
  m_Material: {fileID: 0}
  m_IsTrigger: 0
  m_Enabled: 1
  serializedVersion: 4
  m_Convex: 0
  m_CookingOptions: 30
  m_Mesh: {fileID: 0}
--- !u!1 &1747567343559565744
GameObject:
  m_ObjectHideFlags: 0
  m_CorrespondingSourceObject: {fileID: 0}
  m_PrefabInstance: {fileID: 0}
  m_PrefabAsset: {fileID: 0}
  serializedVersion: 6
  m_Component:
  - component: {fileID: 1747567343559565702}
  - component: {fileID: 1747567343559565820}
  - component: {fileID: 1747567343559565723}
  - component: {fileID: 1747567343559565714}
  - component: {fileID: 1747567343559565806}
  m_Layer: 0
  m_Name: Tower
  m_TagString: Untagged
  m_Icon: {fileID: 0}
  m_NavMeshLayer: 0
  m_StaticEditorFlags: 0
  m_IsActive: 1
--- !u!4 &1747567343559565702
Transform:
  m_ObjectHideFlags: 0
  m_CorrespondingSourceObject: {fileID: 0}
  m_PrefabInstance: {fileID: 0}
  m_PrefabAsset: {fileID: 0}
  m_GameObject: {fileID: 1747567343559565744}
  m_LocalRotation: {x: 0, y: 0, z: 0, w: 1}
  m_LocalPosition: {x: 0, y: 0, z: 0}
  m_LocalScale: {x: 1, y: 1, z: 1}
  m_Children:
  - {fileID: 1747567343559565704}
  - {fileID: 1747567343559565701}
  - {fileID: 1747567343559565705}
  - {fileID: 1747567343559565706}
  - {fileID: 1747567343559565700}
  - {fileID: 1747567343559565703}
  m_Father: {fileID: 0}
  m_RootOrder: 0
  m_LocalEulerAnglesHint: {x: 0, y: 0, z: 0}
--- !u!114 &1747567343559565820
MonoBehaviour:
  m_ObjectHideFlags: 0
  m_CorrespondingSourceObject: {fileID: 0}
  m_PrefabInstance: {fileID: 0}
  m_PrefabAsset: {fileID: 0}
  m_GameObject: {fileID: 1747567343559565744}
  m_Enabled: 1
  m_EditorHideFlags: 0
  m_Script: {fileID: 11500000, guid: 8233d90336aea43098adf6dbabd606a2, type: 3}
  m_Name: 
  m_EditorClassIdentifier: 
  m_MeshFormatVersion: 1
  m_Faces:
  - m_Indexes: 000000000100000002000000010000000300000002000000
    m_SmoothingGroup: 0
    m_Uv:
      m_UseWorldSpace: 0
      m_FlipU: 0
      m_FlipV: 0
      m_SwapUV: 0
      m_Fill: 1
      m_Scale: {x: 1, y: 1}
      m_Offset: {x: 0, y: 0}
      m_Rotation: 0
      m_Anchor: 9
    m_Material: {fileID: 0}
    m_SubmeshIndex: 0
    m_ManualUV: 0
    elementGroup: -1
    m_TextureGroup: -1
  - m_Indexes: 040000000500000006000000050000000700000006000000
    m_SmoothingGroup: 0
    m_Uv:
      m_UseWorldSpace: 0
      m_FlipU: 0
      m_FlipV: 0
      m_SwapUV: 0
      m_Fill: 1
      m_Scale: {x: 1, y: 1}
      m_Offset: {x: 0, y: 0}
      m_Rotation: 0
      m_Anchor: 9
    m_Material: {fileID: 0}
    m_SubmeshIndex: 0
    m_ManualUV: 0
    elementGroup: -1
    m_TextureGroup: -1
  - m_Indexes: 08000000090000000a000000090000000b0000000a000000
    m_SmoothingGroup: 0
    m_Uv:
      m_UseWorldSpace: 0
      m_FlipU: 0
      m_FlipV: 0
      m_SwapUV: 0
      m_Fill: 1
      m_Scale: {x: 1, y: 1}
      m_Offset: {x: 0, y: 0}
      m_Rotation: 0
      m_Anchor: 9
    m_Material: {fileID: 0}
    m_SubmeshIndex: 0
    m_ManualUV: 0
    elementGroup: -1
    m_TextureGroup: -1
  - m_Indexes: 0c0000000d0000000e0000000d0000000f0000000e000000
    m_SmoothingGroup: 0
    m_Uv:
      m_UseWorldSpace: 0
      m_FlipU: 0
      m_FlipV: 0
      m_SwapUV: 0
      m_Fill: 1
      m_Scale: {x: 1, y: 1}
      m_Offset: {x: 0, y: 0}
      m_Rotation: 0
      m_Anchor: 9
    m_Material: {fileID: 0}
    m_SubmeshIndex: 0
    m_ManualUV: 0
    elementGroup: -1
    m_TextureGroup: -1
  - m_Indexes: 100000001100000012000000110000001300000012000000
    m_SmoothingGroup: 0
    m_Uv:
      m_UseWorldSpace: 0
      m_FlipU: 0
      m_FlipV: 0
      m_SwapUV: 0
      m_Fill: 1
      m_Scale: {x: 1, y: 1}
      m_Offset: {x: 0, y: 0}
      m_Rotation: 0
      m_Anchor: 9
    m_Material: {fileID: 0}
    m_SubmeshIndex: 0
    m_ManualUV: 0
    elementGroup: -1
    m_TextureGroup: -1
  - m_Indexes: 140000001500000016000000150000001700000016000000
    m_SmoothingGroup: 0
    m_Uv:
      m_UseWorldSpace: 0
      m_FlipU: 0
      m_FlipV: 0
      m_SwapUV: 0
      m_Fill: 1
      m_Scale: {x: 1, y: 1}
      m_Offset: {x: 0, y: 0}
      m_Rotation: 0
      m_Anchor: 9
    m_Material: {fileID: 0}
    m_SubmeshIndex: 0
    m_ManualUV: 0
    elementGroup: -1
    m_TextureGroup: -1
  m_SharedVertices:
  - m_Vertices: 000000000d00000016000000
  - m_Vertices: 010000000400000017000000
  - m_Vertices: 020000000f00000010000000
  - m_Vertices: 030000000600000011000000
  - m_Vertices: 050000000800000015000000
  - m_Vertices: 070000000a00000013000000
  - m_Vertices: 090000000c00000014000000
  - m_Vertices: 0b0000000e00000012000000
  m_SharedTextures: []
  m_Positions:
  - {x: 0, y: 0, z: 0}
  - {x: 1, y: 0, z: 0}
  - {x: 0.5001185, y: 0.9999999, z: -0.50011885}
  - {x: 0.49988127, y: 0.9999999, z: -0.50011885}
  - {x: 1, y: 0, z: 0}
  - {x: 1, y: 0, z: -1}
  - {x: 0.49988127, y: 0.9999999, z: -0.50011885}
  - {x: 0.49988127, y: 0.9999999, z: -0.49988163}
  - {x: 1, y: 0, z: -1}
  - {x: 0, y: 0, z: -1}
  - {x: 0.49988127, y: 0.9999999, z: -0.49988163}
  - {x: 0.5001185, y: 0.9999999, z: -0.49988168}
  - {x: 0, y: 0, z: -1}
  - {x: 0, y: 0, z: 0}
  - {x: 0.5001185, y: 0.9999999, z: -0.49988168}
  - {x: 0.5001185, y: 0.9999999, z: -0.50011885}
  - {x: 0.5001185, y: 0.9999999, z: -0.50011885}
  - {x: 0.49988127, y: 0.9999999, z: -0.50011885}
  - {x: 0.5001185, y: 0.9999999, z: -0.49988168}
  - {x: 0.49988127, y: 0.9999999, z: -0.49988163}
  - {x: 0, y: 0, z: -1}
  - {x: 1, y: 0, z: -1}
  - {x: 0, y: 0, z: 0}
  - {x: 1, y: 0, z: 0}
  m_Textures0:
  - {x: 0, y: 0}
  - {x: -1, y: 0}
  - {x: -0.5001185, y: 1.118087}
  - {x: -0.49988127, y: 1.118087}
  - {x: 0, y: -0.4472986}
  - {x: -1, y: -0.4472986}
  - {x: -0.50011885, y: 0.6707884}
  - {x: -0.49988163, y: 0.6707884}
  - {x: 1, y: -0.44729835}
  - {x: 0, y: -0.44729835}
  - {x: 0.49988127, y: 0.67078847}
  - {x: 0.5001185, y: 0.67078847}
  - {x: 1, y: 0}
  - {x: 0, y: 0}
  - {x: 0.49988168, y: 1.1180868}
  - {x: 0.50011885, y: 1.1180868}
  - {x: 0, y: 0}
  - {x: 0, y: 0}
  - {x: 0, y: 0}
  - {x: 0, y: 0}
  - {x: 0, y: -1}
  - {x: -1, y: -1}
  - {x: 0, y: 0}
  - {x: -1, y: 0}
  m_Textures2: []
  m_Textures3: []
  m_Tangents:
  - {x: -1, y: 0, z: 0, w: -1}
  - {x: -0, y: 1, z: 0, w: -1}
  - {x: -0, y: 1, z: 0, w: -1}
  - {x: -1, y: 0, z: 0, w: 1}
  - {x: 0, y: 0, z: 1, w: -1}
  - {x: 0, y: 0, z: 1, w: -1}
  - {x: 0, y: 0, z: 1, w: -1}
  - {x: 0, y: 0, z: 1, w: 1}
  - {x: 1, y: 0, z: 0, w: -1}
  - {x: 0.40815935, y: 0.8166011, z: 0.40812808, w: 1}
  - {x: 0.40815935, y: 0.8166011, z: 0.40812808, w: 1}
  - {x: 1, y: 0, z: -0.00025125628, w: 1}
  - {x: 0, y: 0, z: -1, w: -1}
  - {x: 0, y: 0, z: -1, w: 1}
  - {x: 0, y: 0, z: -1, w: 1}
  - {x: 0, y: 0, z: -1, w: 1}
  - {x: NaN, y: NaN, z: NaN, w: 1}
  - {x: NaN, y: NaN, z: NaN, w: 1}
  - {x: NaN, y: NaN, z: NaN, w: 1}
  - {x: NaN, y: NaN, z: NaN, w: 1}
  - {x: -1, y: 0, z: 0, w: -1}
  - {x: -1, y: 0, z: 0, w: -1}
  - {x: -1, y: 0, z: 0, w: -1}
  - {x: -1, y: 0, z: 0, w: -1}
  m_Colors: []
  m_UnwrapParameters:
    m_HardAngle: 88
    m_PackMargin: 20
    m_AngleError: 8
    m_AreaError: 15
  m_PreserveMeshAssetOnDestroy: 0
  assetGuid: 
  m_Mesh: {fileID: 0}
  m_IsSelectable: 1
  m_SelectedFaces: 
  m_SelectedEdges: []
  m_SelectedVertices: 
--- !u!23 &1747567343559565723
MeshRenderer:
  m_ObjectHideFlags: 0
  m_CorrespondingSourceObject: {fileID: 0}
  m_PrefabInstance: {fileID: 0}
  m_PrefabAsset: {fileID: 0}
  m_GameObject: {fileID: 1747567343559565744}
  m_Enabled: 1
  m_CastShadows: 1
  m_ReceiveShadows: 1
  m_DynamicOccludee: 1
  m_MotionVectors: 1
  m_LightProbeUsage: 1
  m_ReflectionProbeUsage: 1
  m_RayTracingMode: 2
  m_RayTraceProcedural: 0
  m_RenderingLayerMask: 1
  m_RendererPriority: 0
  m_Materials:
  - {fileID: 2100000, guid: 621019d82f830be45b57af38a2964998, type: 2}
  m_StaticBatchInfo:
    firstSubMesh: 0
    subMeshCount: 0
  m_StaticBatchRoot: {fileID: 0}
  m_ProbeAnchor: {fileID: 0}
  m_LightProbeVolumeOverride: {fileID: 0}
  m_ScaleInLightmap: 1
  m_ReceiveGI: 1
  m_PreserveUVs: 0
  m_IgnoreNormalsForChartDetection: 0
  m_ImportantGI: 0
  m_StitchLightmapSeams: 1
  m_SelectedEditorRenderState: 2
  m_MinimumChartSize: 4
  m_AutoUVMaxDistance: 0.5
  m_AutoUVMaxAngle: 89
  m_LightmapParameters: {fileID: 0}
  m_SortingLayerID: 0
  m_SortingLayer: 0
  m_SortingOrder: 0
  m_AdditionalVertexStreams: {fileID: 0}
--- !u!33 &1747567343559565714
MeshFilter:
  m_ObjectHideFlags: 0
  m_CorrespondingSourceObject: {fileID: 0}
  m_PrefabInstance: {fileID: 0}
  m_PrefabAsset: {fileID: 0}
  m_GameObject: {fileID: 1747567343559565744}
  m_Mesh: {fileID: 0}
--- !u!64 &1747567343559565806
MeshCollider:
  m_ObjectHideFlags: 0
  m_CorrespondingSourceObject: {fileID: 0}
  m_PrefabInstance: {fileID: 0}
  m_PrefabAsset: {fileID: 0}
  m_GameObject: {fileID: 1747567343559565744}
  m_Material: {fileID: 0}
  m_IsTrigger: 0
  m_Enabled: 1
  serializedVersion: 4
  m_Convex: 0
  m_CookingOptions: 30
  m_Mesh: {fileID: 0}
--- !u!1 &1747567343559565745
GameObject:
  m_ObjectHideFlags: 0
  m_CorrespondingSourceObject: {fileID: 0}
  m_PrefabInstance: {fileID: 0}
  m_PrefabAsset: {fileID: 0}
  serializedVersion: 6
  m_Component:
  - component: {fileID: 1747567343559565703}
  - component: {fileID: 1747567343559565715}
  - component: {fileID: 1747567343559565724}
  - component: {fileID: 1747567343559565800}
  m_Layer: 0
  m_Name: PortalButton
  m_TagString: portalButton
  m_Icon: {fileID: 0}
  m_NavMeshLayer: 0
  m_StaticEditorFlags: 0
  m_IsActive: 1
--- !u!4 &1747567343559565703
Transform:
  m_ObjectHideFlags: 0
  m_CorrespondingSourceObject: {fileID: 0}
  m_PrefabInstance: {fileID: 0}
  m_PrefabAsset: {fileID: 0}
  m_GameObject: {fileID: 1747567343559565745}
  m_LocalRotation: {x: -0, y: -0, z: -0, w: 1}
  m_LocalPosition: {x: 0.75, y: 0.4, z: -0.5}
  m_LocalScale: {x: 0.2, y: 0.2, z: 0.2}
  m_Children: []
  m_Father: {fileID: 1747567343559565702}
  m_RootOrder: 5
  m_LocalEulerAnglesHint: {x: 0, y: 0, z: 0}
--- !u!33 &1747567343559565715
MeshFilter:
  m_ObjectHideFlags: 0
  m_CorrespondingSourceObject: {fileID: 0}
  m_PrefabInstance: {fileID: 0}
  m_PrefabAsset: {fileID: 0}
  m_GameObject: {fileID: 1747567343559565745}
  m_Mesh: {fileID: 10202, guid: 0000000000000000e000000000000000, type: 0}
--- !u!23 &1747567343559565724
MeshRenderer:
  m_ObjectHideFlags: 0
  m_CorrespondingSourceObject: {fileID: 0}
  m_PrefabInstance: {fileID: 0}
  m_PrefabAsset: {fileID: 0}
  m_GameObject: {fileID: 1747567343559565745}
  m_Enabled: 1
  m_CastShadows: 1
  m_ReceiveShadows: 1
  m_DynamicOccludee: 1
  m_MotionVectors: 1
  m_LightProbeUsage: 1
  m_ReflectionProbeUsage: 1
  m_RayTracingMode: 2
  m_RayTraceProcedural: 0
  m_RenderingLayerMask: 1
  m_RendererPriority: 0
  m_Materials:
  - {fileID: 2100000, guid: 2afc2147a7a7e9949b2b1d6487bcb6e9, type: 2}
  m_StaticBatchInfo:
    firstSubMesh: 0
    subMeshCount: 0
  m_StaticBatchRoot: {fileID: 0}
  m_ProbeAnchor: {fileID: 0}
  m_LightProbeVolumeOverride: {fileID: 0}
  m_ScaleInLightmap: 1
  m_ReceiveGI: 1
  m_PreserveUVs: 0
  m_IgnoreNormalsForChartDetection: 0
  m_ImportantGI: 0
  m_StitchLightmapSeams: 1
  m_SelectedEditorRenderState: 3
  m_MinimumChartSize: 4
  m_AutoUVMaxDistance: 0.5
  m_AutoUVMaxAngle: 89
  m_LightmapParameters: {fileID: 0}
  m_SortingLayerID: 0
  m_SortingLayer: 0
  m_SortingOrder: 0
  m_AdditionalVertexStreams: {fileID: 0}
--- !u!65 &1747567343559565800
BoxCollider:
  m_ObjectHideFlags: 0
  m_CorrespondingSourceObject: {fileID: 0}
  m_PrefabInstance: {fileID: 0}
  m_PrefabAsset: {fileID: 0}
  m_GameObject: {fileID: 1747567343559565745}
  m_Material: {fileID: 0}
  m_IsTrigger: 0
  m_Enabled: 1
  serializedVersion: 2
  m_Size: {x: 1, y: 1, z: 1}
  m_Center: {x: 0, y: 0, z: 0}
--- !u!1 &1747567343559565746
GameObject:
  m_ObjectHideFlags: 0
  m_CorrespondingSourceObject: {fileID: 0}
  m_PrefabInstance: {fileID: 0}
  m_PrefabAsset: {fileID: 0}
  serializedVersion: 6
  m_Component:
  - component: {fileID: 1747567343559565704}
  - component: {fileID: 1747567343559565716}
  - component: {fileID: 1747567343559565725}
  - component: {fileID: 1747567343559565801}
  m_Layer: 0
  m_Name: Cube
  m_TagString: Untagged
  m_Icon: {fileID: 0}
  m_NavMeshLayer: 0
  m_StaticEditorFlags: 0
  m_IsActive: 1
--- !u!4 &1747567343559565704
Transform:
  m_ObjectHideFlags: 0
  m_CorrespondingSourceObject: {fileID: 0}
  m_PrefabInstance: {fileID: 0}
  m_PrefabAsset: {fileID: 0}
  m_GameObject: {fileID: 1747567343559565746}
  m_LocalRotation: {x: -0, y: -0, z: -0, w: 1}
  m_LocalPosition: {x: 0.5, y: 1, z: -0.5}
  m_LocalScale: {x: 0.2, y: 1, z: 0.2}
  m_Children: []
  m_Father: {fileID: 1747567343559565702}
  m_RootOrder: 0
  m_LocalEulerAnglesHint: {x: 0, y: 0, z: 0}
--- !u!33 &1747567343559565716
MeshFilter:
  m_ObjectHideFlags: 0
  m_CorrespondingSourceObject: {fileID: 0}
  m_PrefabInstance: {fileID: 0}
  m_PrefabAsset: {fileID: 0}
  m_GameObject: {fileID: 1747567343559565746}
  m_Mesh: {fileID: 10202, guid: 0000000000000000e000000000000000, type: 0}
--- !u!23 &1747567343559565725
MeshRenderer:
  m_ObjectHideFlags: 0
  m_CorrespondingSourceObject: {fileID: 0}
  m_PrefabInstance: {fileID: 0}
  m_PrefabAsset: {fileID: 0}
  m_GameObject: {fileID: 1747567343559565746}
  m_Enabled: 1
  m_CastShadows: 1
  m_ReceiveShadows: 1
  m_DynamicOccludee: 1
  m_MotionVectors: 1
  m_LightProbeUsage: 1
  m_ReflectionProbeUsage: 1
  m_RayTracingMode: 2
  m_RayTraceProcedural: 0
  m_RenderingLayerMask: 1
  m_RendererPriority: 0
  m_Materials:
  - {fileID: 2100000, guid: 621019d82f830be45b57af38a2964998, type: 2}
  m_StaticBatchInfo:
    firstSubMesh: 0
    subMeshCount: 0
  m_StaticBatchRoot: {fileID: 0}
  m_ProbeAnchor: {fileID: 0}
  m_LightProbeVolumeOverride: {fileID: 0}
  m_ScaleInLightmap: 1
  m_ReceiveGI: 1
  m_PreserveUVs: 0
  m_IgnoreNormalsForChartDetection: 0
  m_ImportantGI: 0
  m_StitchLightmapSeams: 1
  m_SelectedEditorRenderState: 3
  m_MinimumChartSize: 4
  m_AutoUVMaxDistance: 0.5
  m_AutoUVMaxAngle: 89
  m_LightmapParameters: {fileID: 0}
  m_SortingLayerID: 0
  m_SortingLayer: 0
  m_SortingOrder: 0
  m_AdditionalVertexStreams: {fileID: 0}
--- !u!65 &1747567343559565801
BoxCollider:
  m_ObjectHideFlags: 0
  m_CorrespondingSourceObject: {fileID: 0}
  m_PrefabInstance: {fileID: 0}
  m_PrefabAsset: {fileID: 0}
  m_GameObject: {fileID: 1747567343559565746}
  m_Material: {fileID: 0}
  m_IsTrigger: 0
  m_Enabled: 1
  serializedVersion: 2
  m_Size: {x: 1, y: 1, z: 1}
  m_Center: {x: 0, y: 0, z: 0}
--- !u!1 &1747567343559565747
GameObject:
  m_ObjectHideFlags: 0
  m_CorrespondingSourceObject: {fileID: 0}
  m_PrefabInstance: {fileID: 0}
  m_PrefabAsset: {fileID: 0}
  serializedVersion: 6
  m_Component:
  - component: {fileID: 1747567343559565705}
  - component: {fileID: 1747567343559565717}
  - component: {fileID: 1747567343559565726}
  - component: {fileID: 1747567343559565802}
  m_Layer: 0
  m_Name: FireButton
  m_TagString: fireButton
  m_Icon: {fileID: 0}
  m_NavMeshLayer: 0
  m_StaticEditorFlags: 0
  m_IsActive: 1
--- !u!4 &1747567343559565705
Transform:
  m_ObjectHideFlags: 0
  m_CorrespondingSourceObject: {fileID: 0}
  m_PrefabInstance: {fileID: 0}
  m_PrefabAsset: {fileID: 0}
  m_GameObject: {fileID: 1747567343559565747}
  m_LocalRotation: {x: -0, y: -0, z: -0, w: 1}
  m_LocalPosition: {x: 0.5, y: 0.4, z: -0.75}
  m_LocalScale: {x: 0.2, y: 0.2, z: 0.2}
  m_Children: []
  m_Father: {fileID: 1747567343559565702}
  m_RootOrder: 2
  m_LocalEulerAnglesHint: {x: 0, y: 0, z: 0}
--- !u!33 &1747567343559565717
MeshFilter:
  m_ObjectHideFlags: 0
  m_CorrespondingSourceObject: {fileID: 0}
  m_PrefabInstance: {fileID: 0}
  m_PrefabAsset: {fileID: 0}
  m_GameObject: {fileID: 1747567343559565747}
  m_Mesh: {fileID: 10202, guid: 0000000000000000e000000000000000, type: 0}
--- !u!23 &1747567343559565726
MeshRenderer:
  m_ObjectHideFlags: 0
  m_CorrespondingSourceObject: {fileID: 0}
  m_PrefabInstance: {fileID: 0}
  m_PrefabAsset: {fileID: 0}
  m_GameObject: {fileID: 1747567343559565747}
  m_Enabled: 1
  m_CastShadows: 1
  m_ReceiveShadows: 1
  m_DynamicOccludee: 1
  m_MotionVectors: 1
  m_LightProbeUsage: 1
  m_ReflectionProbeUsage: 1
  m_RayTracingMode: 2
  m_RayTraceProcedural: 0
  m_RenderingLayerMask: 1
  m_RendererPriority: 0
  m_Materials:
  - {fileID: 2100000, guid: 5702d6f58d56a40499e471f2bcb5472b, type: 2}
  m_StaticBatchInfo:
    firstSubMesh: 0
    subMeshCount: 0
  m_StaticBatchRoot: {fileID: 0}
  m_ProbeAnchor: {fileID: 0}
  m_LightProbeVolumeOverride: {fileID: 0}
  m_ScaleInLightmap: 1
  m_ReceiveGI: 1
  m_PreserveUVs: 0
  m_IgnoreNormalsForChartDetection: 0
  m_ImportantGI: 0
  m_StitchLightmapSeams: 1
  m_SelectedEditorRenderState: 3
  m_MinimumChartSize: 4
  m_AutoUVMaxDistance: 0.5
  m_AutoUVMaxAngle: 89
  m_LightmapParameters: {fileID: 0}
  m_SortingLayerID: 0
  m_SortingLayer: 0
  m_SortingOrder: 0
  m_AdditionalVertexStreams: {fileID: 0}
--- !u!65 &1747567343559565802
BoxCollider:
  m_ObjectHideFlags: 0
  m_CorrespondingSourceObject: {fileID: 0}
  m_PrefabInstance: {fileID: 0}
  m_PrefabAsset: {fileID: 0}
  m_GameObject: {fileID: 1747567343559565747}
  m_Material: {fileID: 0}
  m_IsTrigger: 0
  m_Enabled: 1
  serializedVersion: 2
  m_Size: {x: 1, y: 1, z: 1}
  m_Center: {x: 0, y: 0, z: 0}
--- !u!1 &1747567343559565748
GameObject:
  m_ObjectHideFlags: 0
  m_CorrespondingSourceObject: {fileID: 0}
  m_PrefabInstance: {fileID: 0}
  m_PrefabAsset: {fileID: 0}
  serializedVersion: 6
  m_Component:
  - component: {fileID: 1747567343559565706}
  - component: {fileID: 1747567343559565718}
  - component: {fileID: 1747567343559565727}
  - component: {fileID: 1747567343559565803}
  m_Layer: 0
  m_Name: SoulButton
  m_TagString: soulButton
  m_Icon: {fileID: 0}
  m_NavMeshLayer: 0
  m_StaticEditorFlags: 0
  m_IsActive: 1
--- !u!4 &1747567343559565706
Transform:
  m_ObjectHideFlags: 0
  m_CorrespondingSourceObject: {fileID: 0}
  m_PrefabInstance: {fileID: 0}
  m_PrefabAsset: {fileID: 0}
  m_GameObject: {fileID: 1747567343559565748}
  m_LocalRotation: {x: -0, y: -0, z: -0, w: 1}
  m_LocalPosition: {x: 0.5, y: 0.4, z: -0.25}
  m_LocalScale: {x: 0.2, y: 0.2, z: 0.2}
  m_Children: []
  m_Father: {fileID: 1747567343559565702}
  m_RootOrder: 3
  m_LocalEulerAnglesHint: {x: 0, y: 0, z: 0}
--- !u!33 &1747567343559565718
MeshFilter:
  m_ObjectHideFlags: 0
  m_CorrespondingSourceObject: {fileID: 0}
  m_PrefabInstance: {fileID: 0}
  m_PrefabAsset: {fileID: 0}
  m_GameObject: {fileID: 1747567343559565748}
  m_Mesh: {fileID: 10202, guid: 0000000000000000e000000000000000, type: 0}
--- !u!23 &1747567343559565727
MeshRenderer:
  m_ObjectHideFlags: 0
  m_CorrespondingSourceObject: {fileID: 0}
  m_PrefabInstance: {fileID: 0}
  m_PrefabAsset: {fileID: 0}
  m_GameObject: {fileID: 1747567343559565748}
  m_Enabled: 1
  m_CastShadows: 1
  m_ReceiveShadows: 1
  m_DynamicOccludee: 1
  m_MotionVectors: 1
  m_LightProbeUsage: 1
  m_ReflectionProbeUsage: 1
  m_RayTracingMode: 2
  m_RayTraceProcedural: 0
  m_RenderingLayerMask: 1
  m_RendererPriority: 0
  m_Materials:
  - {fileID: 2100000, guid: 5ae3afe0897d76c4fafbb33cd3899015, type: 2}
  m_StaticBatchInfo:
    firstSubMesh: 0
    subMeshCount: 0
  m_StaticBatchRoot: {fileID: 0}
  m_ProbeAnchor: {fileID: 0}
  m_LightProbeVolumeOverride: {fileID: 0}
  m_ScaleInLightmap: 1
  m_ReceiveGI: 1
  m_PreserveUVs: 0
  m_IgnoreNormalsForChartDetection: 0
  m_ImportantGI: 0
  m_StitchLightmapSeams: 1
  m_SelectedEditorRenderState: 3
  m_MinimumChartSize: 4
  m_AutoUVMaxDistance: 0.5
  m_AutoUVMaxAngle: 89
  m_LightmapParameters: {fileID: 0}
  m_SortingLayerID: 0
  m_SortingLayer: 0
  m_SortingOrder: 0
  m_AdditionalVertexStreams: {fileID: 0}
--- !u!65 &1747567343559565803
BoxCollider:
  m_ObjectHideFlags: 0
  m_CorrespondingSourceObject: {fileID: 0}
  m_PrefabInstance: {fileID: 0}
  m_PrefabAsset: {fileID: 0}
  m_GameObject: {fileID: 1747567343559565748}
  m_Material: {fileID: 0}
  m_IsTrigger: 0
  m_Enabled: 1
  serializedVersion: 2
  m_Size: {x: 1, y: 1, z: 1}
  m_Center: {x: 0, y: 0, z: 0}
